<record><leader>00000cas a22000007a 4500</leader><controlfield tag="001">20602901</controlfield><controlfield tag="008">891106d19811987couwr ne      0    0eng d</controlfield><datafield ind1=" " ind2=" " tag="010"><subfield code="a">sn 89052295 </subfield></datafield><datafield ind1=" " ind2=" " tag="040"><subfield code="a">CNQ</subfield><subfield code="b">eng</subfield><subfield code="c">CNQ</subfield><subfield code="d">GUA</subfield><subfield code="d">OCLCQ</subfield></datafield><datafield ind1=" " ind2=" " tag="042"><subfield code="a">msc</subfield></datafield><datafield ind1="0" ind2=" " tag="130"><subfield code="a">Lyons recorder (Lyons, Colo. : 1981)</subfield></datafield><datafield ind1="1" ind2="0" tag="245"><subfield code="a">Lyons recorder.</subfield></datafield><datafield ind1="1" ind2="7" tag="246"><subfield code="a">Recorder/town &amp; country</subfield></datafield><datafield ind1="1" ind2="7" tag="246"><subfield code="a">B/L recorder</subfield></datafield><datafield ind1=" " ind2=" " tag="260"><subfield code="a">Lyons, Colo. :</subfield><subfield code="b">Walter Kinderman</subfield></datafield><datafield ind1=" " ind2=" " tag="300"><subfield code="a">v.</subfield></datafield><datafield ind1=" " ind2=" " tag="310"><subfield code="a">Weekly</subfield></datafield><datafield ind1="0" ind2=" " tag="362"><subfield code="a">Vol. 12, no. 46 (Aug. 6, 1981)-v. 19, no. 39 (July 2, 1987).</subfield></datafield><datafield ind1=" " ind2=" " tag="500"><subfield code="a">Same publisher as Berthoud recorder and some columns appear in both newspapers.</subfield></datafield><datafield ind1=" " ind2=" " tag="530"><subfield code="a">Available on microfilm from the Colorado Historical Society.</subfield></datafield><datafield ind1=" " ind2=" " tag="752"><subfield code="a">United States</subfield><subfield code="b">Colorado</subfield><subfield code="c">Boulder</subfield><subfield code="d">Lyons.</subfield></datafield><datafield ind1="0" ind2="0" tag="780"><subfield code="t">New Lyons recorder</subfield><subfield code="w">(DLC)sn 89052294</subfield></datafield><datafield ind1="0" ind2="0" tag="785"><subfield code="t">Old Lyons recorder</subfield><subfield code="w">(DLC)sn 89052296</subfield></datafield></record>